<?xml version="1.0" encoding="UTF-8"?><record xmlns="http://www.loc.gov/MARC21/slim" xmlns:cinclude="http://apache.org/cocoon/include/1.0" xmlns:zs="http://www.loc.gov/zing/srw/">
  <leader>00490nz  a2200145n  4500</leader>
  <controlfield tag="001">no2003014306</controlfield>
  <controlfield tag="003">DLC</controlfield>
  <controlfield tag="005">20030214052948.0</controlfield>
  <controlfield tag="008">030213n| acannaabn          |a aaa     c</controlfield>
  <datafield tag="010" ind1=" " ind2=" ">
    <subfield code="a">no2003014306</subfield>
  </datafield>
  <datafield tag="035" ind1=" " ind2=" ">
    <subfield code="a">(OCoLC)oca05973681</subfield>
  </datafield>
  <datafield tag="040" ind1=" " ind2=" ">
    <subfield code="a">NNU-L</subfield>
    <subfield code="b">eng</subfield>
    <subfield code="c">NNU-L</subfield>
  </datafield>
  <datafield tag="100" ind1="1" ind2=" ">
    <subfield code="a">García-Solé, Marc</subfield>
  </datafield>
  <datafield tag="400" ind1="1" ind2=" ">
    <subfield code="a">Solé, Marc García-</subfield>
  </datafield>
  <datafield tag="670" ind1=" " ind2=" ">
    <subfield code="a">El delito de acusación y denuncia falsas, 2002:</subfield>
    <subfield code="b">t.p. (Marc García-Solé) p. 15 (doctoral thesis, Facultad de Derecho, Univ. de Barcelona, 1998)</subfield>
  </datafield>
</record>